@book{carskadon2005normal,
    author = {Carskadon, M. A. and Dement, W. C.},
    title = {Normal human sleep: an overview},
    booktitle = {Principles and Practice of Sleep Medicine},
    editor = {Kryger, M. H. and Roth, T. and Dement, W. C.},
    edition = {4},
    publisher = {Elsevier Saunders},
    pages = {13--23},
    year = {2005}
}

@article{diekelmann2010sleep,
    author = {Diekelmann, S. and Born, J.},
    title = {The memory function of sleep},
    journal = {Nature Reviews Neuroscience},
    volume = {11},
    number = {2},
    pages = {114--126},
    year = {2010},
    publisher = {Nature Publishing Group}
}

@article{pmc5781106,
    author = {Barker, J. and others},
    title = {Investigating the application of motion accelerometers as a sleep monitoring technique for patients in the intensive care unit},
    journal = {BMJ Open},
    volume = {8},
    number = {1},
    pages = {e019704},
    year = {2018},
    note = {\url{https://www.ncbi.nlm.nih.gov/pmc/articles/PMC5781106/}}
}

@article{pmc4883440,
    author = {Zhang, Z. and others},
    title = {Sleep Monitoring Based on a Tri-Axial Accelerometer and a Pressure Sensor},
    journal = {Sensors},
    volume = {16},
    number = {5},
    pages = {673},
    year = {2016},
    note = {\url{https://www.ncbi.nlm.nih.gov/pmc/articles/PMC4883440/}}
}

@online{researchgate2021,
    author = {Sadeh, A. and others},
    title = {Sleep monitoring systems: Current status and future challenges},
    year = {2021},
    organization = {ResearchGate},
    note = {Retrieved from \url{https://www.researchgate.net/publication/343159161\_Sleep\_monitoring\_systems\_Current\_status\_and\_future\_challenges\_Preprint}}
}

@article{van2011review,
    author = {Van de Water, A. T. and Holmes, A. and Hurley, D. A.},
    title = {Objective measurements of sleep for non-laboratory settings as alternatives to polysomnography--a systematic review},
    journal = {Journal of Sleep Research},
    volume = {20},
    number = {1},
    pages = {183--200},
    year = {2011}
}

@article{zhang2020machine,
    author = {Zhang, G. Q. and others},
    title = {Machine learning approaches for sleep-wake detection using actigraphy: A systematic review and meta-analysis},
    journal = {Sleep Medicine Reviews},
    volume = {53},
    pages = {101333},
    year = {2020}
}

@article{ancoli2003role,
    author = {Ancoli-Israel, S. and Cole, R. and Alessi, C. and Chambers, M. and Moorcroft, W. and Pollak, C. P.},
    title = {The role of actigraphy in the study of sleep and circadian rhythms},
    journal = {Sleep},
    volume = {26},
    number = {3},
    pages = {342--392},
    year = {2003}
}

@article{sadeh1994activity,
    author = {Sadeh, A. and Sharkey, K. M. and Carskadon, M. A.},
    title = {Activity-based sleep-wake identification: an empirical test of methodological issues},
    journal = {Sleep},
    volume = {17},
    number = {3},
    pages = {201--207},
    year = {1994}
}

@article{cole1992automatic,
    author = {Cole, R. J. and Kripke, D. F. and Gruen, W. and Mullaney, D. J. and Gillin, J. C.},
    title = {Automatic sleep/wake identification from wrist activity},
    journal = {Sleep},
    volume = {15},
    number = {5},
    pages = {461--469},
    year = {1992}
}

@article{aasm2015,
    author = {Natale, V. and Plazzi, G. and Martoni, M.},
    title = {Actigraphy in the assessment of insomnia: A quantitative approach},
    journal = {Sleep and Biological Rhythms},
    volume = {13},
    number = {1},
    pages = {69--79},
    year = {2015},
    note = {Endorsed by the American Academy of Sleep Medicine}
}

@online{arXiv2023,
    author = {Sathyanarayana, A. and others},
    title = {Annotating sleep states in children from wrist-worn accelerometer data},
    year = {2023},
    note = {arXiv preprint arXiv:2312.07561}
}

@book{rechtschaffen1968,
    author = {Rechtschaffen, A. and Kales, A.},
    title = {A manual of standardized terminology, techniques and scoring system for sleep stages of human subjects},
    publisher = {UCLA Brain Information Service/Brain Research Institute},
    address = {Los Angeles},
    year = {1968}
}

@book{aasm2007,
    author = {Iber, C. and Ancoli-Israel, S. and Chesson, A. and Quan, S. F.},
    title = {The AASM manual for the scoring of sleep and associated events: Rules, terminology and technical specifications},
    volume = {1},
    publisher = {American Academy of Sleep Medicine},
    address = {Westchester, IL},
    year = {2007}
}

@article{borbely1982,
    author = {Borbely, A. A.},
    title = {A two process model of sleep regulation},
    journal = {Human Neurobiology},
    volume = {1},
    number = {3},
    pages = {195--204},
    year = {1982}
}

@article{acebo2006,
    author = {Acebo, C. and LeBourgeois, M. K.},
    title = {Actigraphy},
    journal = {Respiratory Care Clinics},
    volume = {12},
    number = {1},
    pages = {23--30},
    year = {2006}
}

@article{kushida2001,
    author = {Kushida, C. A. and Chang, A. and Gadkary, C. and Guilleminault, C. and Carrillo, O. and Dement, W. C.},
    title = {Comparison of actigraphic, polysomnographic, and subjective assessment of sleep parameters in sleep-disordered patients},
    journal = {Sleep Medicine},
    volume = {2},
    number = {5},
    pages = {389--396},
    year = {2001}
}

@article{sadeh2011,
    author = {Sadeh, A.},
    title = {The role and validity of actigraphy in sleep medicine: an update},
    journal = {Sleep Medicine Reviews},
    volume = {15},
    number = {4},
    pages = {259--267},
    year = {2011}
}

@article{littner2003,
    author = {Littner, M. and Kushida, C. A. and Anderson, W. M. and Bailey, D. and Berry, R. B. and Davila, D. G. and others},
    title = {Practice parameters for the role of actigraphy in the study of sleep and circadian rhythms: an update for 2002},
    journal = {Sleep},
    volume = {26},
    number = {3},
    pages = {337--341},
    year = {2003}
}

@article{vanHees2015,
    author = {van Hees, V. T. and Sabia, S. and Anderson, K. N. and Denton, S. J. and Oliver, J. and Catt, M. and others},
    title = {A novel, open access method to assess sleep duration using a wrist-worn accelerometer},
    journal = {PloS One},
    volume = {10},
    number = {11},
    pages = {e0142533},
    year = {2015}
}

@article{behar2013,
    author = {Behar, J. and Roebuck, A. and Domingos, J. S. and Gederi, E. and Clifford, G. D.},
    title = {A review of current sleep screening applications for smartphones},
    journal = {Physiological Measurement},
    volume = {34},
    number = {7},
    pages = {R29},
    year = {2013}
}

@article{griessenberger2013,
    author = {Griessenberger, H. and Heib, D. P. and Kunz, A. B. and Hoedlmoser, K. and Schabus, M.},
    title = {Assessment of a wireless headband for automatic sleep scoring},
    journal = {Sleep and Breathing},
    volume = {17},
    number = {2},
    pages = {747--752},
    year = {2013}
}

@online{psychdb2023,
    author = {PsychDB},
    title = {Polysomnography (PSG)},
    year = {2023},
    month = {May},
    day = {27},
    url = {https://www.psychdb.com/neurology/polysomnography}
}
